
@online{basicAlgo,
    author = "Udi Manber, Gene Mayers",
    title = "Suffix Arrays: A New Method for On-Line String Searches",
    url  = "https://courses.cs.washington.edu/courses/cse590q/00au/papers/manber-myers_soda90.pdf",
    addendum = "(accessed: 18.06.2020)"
}

@online{fastsufsort,
    author = "N. Jesper Larsson Kunihiko Sadakane",
    title = "Faster Suffix Sorting",
    url  = "http://www.larsson.dogma.net/ssrev-tr.pdf",
    addendum = "(accessed: 18.06.2020)"
}