@article{KMP,
    author = {Knuth, Donald E. and Morris, Jr., James H. and Pratt, Vaughan R.},
    title = {Fast Pattern Matching in Strings},
    journal = {SIAM Journal on Computing},
    volume = {6},
    number = {2},
    pages = {323-350},
    year = {1977},
    doi = {10.1137/0206024},
    URL = {https://doi.org/10.1137/0206024}
}

@article{BM,
    author = {Boyer, Robert S. and Moore, J. Strother},
    title = {A Fast String Searching Algorithm},
    year = {1977},
    issue_date = {Oct. 1977},
    publisher = {Association for Computing Machinery},
    address = {New York, NY, USA},
    volume = {20},
    number = {10},
    issn = {0001-0782},
    url = {https://doi.org/10.1145/359842.359859},
    doi = {10.1145/359842.359859},
    journal = {Commun. ACM},
    pages = {762–772},
    numpages = {11}
}

@article{BM-Cole,
    author = {Cole, Richard},
    title = {Tight Bounds on the Complexity of the Boyer–Moore String Matching Algorithm},
    journal = {SIAM Journal on Computing},
    volume = {23},
    number = {5},
    pages = {1075-1091},
    year = {1994},
    doi = {10.1137/S0097539791195543},
    URL = {https://doi.org/10.1137/S0097539791195543}
}

@article{AG,
    author = {Apostolico, Alberto and Giancarlo, Raffaele},
    title = {The Boyer–Moore–Galil String Searching Strategies Revisited},
    journal = {SIAM Journal on Computing},
    volume = {15},
    number = {1},
    pages = {98-105},
    year = {1986},
    doi = {10.1137/0215007},
    URL = {https://doi.org/10.1137/0215007}
}

@article{AG-CrLc,
    title = {Tight bounds on the complexity of the Apostolico-Giancarlo algorithm},
    journal = {Information Processing Letters},
    volume = {63},
    number = {4},
    pages = {195-203},
    year = {1997},
    issn = {0020-0190},
    doi = {https://doi.org/10.1016/S0020-0190(97)00107-5},
    url = {https://www.sciencedirect.com/science/article/pii/S0020019097001075},
    author = {Maxime Crochemore and Thierry Lecroq}
}

@article{Cr-or,
    title = {String-matching on ordered alphabets},
    journal = {Theoretical Computer Science},
    volume = {92},
    number = {1},
    pages = {33-47},
    year = {1992},
    issn = {0304-3975},
    doi = {https://doi.org/10.1016/0304-3975(92)90134-2},
    url = {https://www.sciencedirect.com/science/article/pii/0304397592901342},
    author = {Maxime Crochemore}
}

@article{GS,
    title = {Time-space-optimal string matching},
    journal = {Journal of Computer and System Sciences},
    volume = {26},
    number = {3},
    pages = {280-294},
    year = {1983},
    issn = {0022-0000},
    doi = {https://doi.org/10.1016/0022-0000(83)90002-8},
    url = {https://www.sciencedirect.com/science/article/pii/0022000083900028},
    author = {Zvi Galil and Joel Seiferas}
}

@article{GS-CR,
    author = {Crochemore, Maxime and Rytter, Wojciech},
    year = {1995},
    month = {05},
    pages = {405-425},
    title = {Squares, cubes, and time-space efficient string searching},
    volume = {13},
    journal = {Algorithmica},
    doi = {10.1007/BF01190846}
}

@article{TW,
    author = {Crochemore, Maxime and Perrin, Dominique},
    year = {1991},
    month = {07},
    pages = {650-674},
    title = {Two-way string-matching},
    volume = {38},
    journal = {Journal of the ACM (JACM)},
    doi = {10.1145/116825.116845}
}

@inproceedings{10.5555/788015.788577,
author = {Donnelly, A. and Deegan, T.},
title = {IP Route Lookups as String Matching},
year = {2000},
isbn = {0769509126},
publisher = {IEEE Computer Society},
address = {USA},
booktitle = {Proceedings of the 25th Annual IEEE Conference on Local Computer Networks},
pages = {589}
}

@article{10.1145/1015047.1015055,
author = {Liu, Rong-Tai and Huang, Nen-Fu and Chen, Chih-Hao and Kao, Chia-Nan},
title = {A Fast String-Matching Algorithm for Network Processor-Based Intrusion Detection System},
year = {2004},
issue_date = {August 2004},
publisher = {Association for Computing Machinery},
address = {New York, NY, USA},
volume = {3},
number = {3},
issn = {1539-9087},
url = {https://doi.org/10.1145/1015047.1015055},
doi = {10.1145/1015047.1015055},
pages = {614–633},
numpages = {20}
}

@article{RYU2020137,
title = {Fast string matching for DNA sequences},
journal = {Theoretical Computer Science},
volume = {812},
pages = {137-148},
year = {2020},
note = {In memoriam Danny Breslauer (1968-2017)},
issn = {0304-3975},
doi = {https://doi.org/10.1016/j.tcs.2019.09.031},
url = {https://www.sciencedirect.com/science/article/pii/S0304397519305821},
author = {Cheol Ryu and Thierry Lecroq and Kunsoo Park}
}

@article{10.1145/359146.359148,
author = {Galil, Zvi},
title = {On Improving the Worst Case Running Time of the Boyer-Moore String Matching Algorithm},
year = {1979},
issue_date = {Sept. 1979},
publisher = {Association for Computing Machinery},
address = {New York, NY, USA},
volume = {22},
number = {9},
issn = {0001-0782},
url = {https://doi.org/10.1145/359146.359148},
doi = {10.1145/359146.359148},
journal = {Commun. ACM},
pages = {505–508},
numpages = {4}
}