@article{KMP,
    author = {Knuth, Donald and Morris Jr., James and Pratt, Vaughan},
    title = {Fast Pattern Matching in Strings},
    journal = {SIAM Journal on Computing},
    volume = {6},
    number = {2},
    pages = {323-350},
    year = {1977},
    doi = {10.1137/0206024},
}

@inproceedings{SuffixArray,
  title={Suffix arrays: a new method for on-line string searches},
  author={Manber, Udi and Myers, Gene},
  journal={SIAM Journal on Computing},
  volume={22},
  number={5},
  pages={935--948},
  year={1993}
}

@inproceedings{KMR,
    author = {Karp, Richard and Miller, Raymond and Rosenberg, Arnold},
    title = {Rapid identification of repeated patterns in strings, trees and arrays},
    booktitle = {STOC '72: Proceedings of the 4th Annual ACM Symposium on Theory of Computing},
    year = {1972},
    pages = {125-136}
}

@inproceedings{KS,
    author = {Kärkkäinen, Juha and Sanders, Peter},
    title = {Simple Linear Work Suffix Array Construction},
    booktitle = {Automata, Languages and Programming},
    editor = {Baeten, Jos and Lenstra, Jan Karel and Parrow, Joachim and Woeginger, Gerhard},
    year = {2003},
    series = {Lecture Notes in Computer Science},
    volume = {2719},
    doi = {10.1007/3-540-45061-0_73},
    URL = {https://doi.org/10.1007/3-540-45061-0_73}
}

@inproceedings{SuffixArrayImage,
    author = {Li, Guanhua and Wu, Yijian and Roy, Chanchal and Sun, Jun and Peng, Xin and Zhan, Nanjie and Hu, Bin and Ma, Jingyi},
    title = {SAGA: Efficient and Large-Scale Detection of Near-Miss Clones with GPU Acceleration},
    booktitle = {IEEE International Conference on Software Analysis, Evolution and Reengineering (SANER)},
    pages = {272-283},
    year = {2020},
    doi = {10.1109/SANER48275.2020.9054832},
}

@article{Chazelle,
  title={A Functional Approach to Data Structures and Its Use in Multidimensional Searching},
  author={Bernard Chazelle},
  journal={SIAM Journal of Computing},
  year={1988},
  volume={17},
  number={3},
  pages={427-462},
  url={https://api.semanticscholar.org/CorpusID:3209902}
}

@book{cormenSufixArray,
  title={Introduction to Algorithms, fourth edition},
  author={Cormen, Thomas and Leiserson, Charles and Rivest, Ron and Stein, Clifford},
  url={https://books.google.pl/books?id=HOJyzgEACAAJ},
  year={2022},
  publisher={MIT Press}
}

@article{twoWayAlgo,
author = {Crochemore, Maxime and Perrin, Dominique},
title = {Two-way string-matching},
year = {1991},
volume = {38},
number = {3},
doi = {10.1145/116825.116845},
journal = {Journal of the ACM},
pages = {650–674},
}
@article{rabinKarp,
  doi = {10.1147/rd.312.0249},
  year = {1987},
  volume = {31},
  number = {2},
  pages = {249--260},
  author = {Richard Karp and Michael Rabin},
  title = {Efficient randomized pattern-matching algorithms},
  journal = {{IBM} Journal of Research and Development}
}

@article{radixSort,
author = {Davis, Ian},
year = {1992},
month = {12},
pages = {636-642},
title = {A Fast Radix Sort},
volume = {35},
number={6},
journal={The Computer Journal},
doi = {10.1093/comjnl/35.6.636}
}

@article{LS,
title = {Faster suffix sorting},
journal = {Theoretical Computer Science},
volume = {387},
number = {3},
pages = {258-272},
year = {2007},
doi = {https://doi.org/10.1016/j.tcs.2007.07.017},
author = {N. Jesper Larsson and Kunihiko Sadakane},
}

@inproceedings{SA-IS,
  author={Nong, Ge and Zhang, Sen and Chan, Wai Hong},
  booktitle={2009 Data Compression Conference}, 
  title={Linear Suffix Array Construction by Almost Pure Induced-Sorting}, 
  year={2009},
  pages={193-202},
  doi={10.1109/DCC.2009.42}

@inproceedings{suffixTree,
title = "Optimal suffix tree construction with large alphabets",
author = "Martin Farach",
year = "1997",
pages = "137-143",
booktitle = "Proceedings 38th Annual Symposium on Foundations of Computer Science"
}

@article{stringSearchingUsage,
author = {Kapil, Kumar and Soni, Rohit and Vyas, Amit and Sinhal, Dr. Amit},
year = {2014},
journal = {International Journal Of Engineering And Computer Science},
pages = {2319-7242},
title = {Importance of String Matching in Real World Problems},
volume = {3},
number={6}
}

@InProceedings{RMQ1,
author="Bender, Michael and Farach-Colton, Mart{\'i}n",
editor="Gonnet, Gaston and Viola, Alfredo",
title="The LCA Problem Revisited",
booktitle="LATIN 2000: Theoretical Informatics",
year="2000",
publisher="Springer",
address="Berlin, Heidelberg",
pages="88-94"
}

@misc{SegmentTreeRMQ,
  author       = "Richard Zhan",
  title        = "Segment Trees",
  month        = "11",
  year         = "2019",
  note = "Lecture notes",
  url = "https://activities.tjhsst.edu/sct/lectures/1920/2019_11_15_Segment_Trees.pdf"
}

@misc{entropyProof,
    author = "Michel Goemans",
    month = "04",
    year = "2015",
    url = "https://math.mit.edu/~goemans/18310S15/lempel-ziv-notes.pdf",
    title = "MIT lecture notes about LZ compressions"
}

@ARTICLE{LZ78,
  author={Lempel, Abraham and Ziv, Jacob},
  journal={IEEE Transactions on Information Theory}, 
  title={Compression of individual sequences via variable-rate coding}, 
  year={1978},
  volume={24},
  number={5},
  pages={530-536}
}

@ARTICLE{LZW,
  author={Welch, Terry},
  journal={Computer}, 
  title={A Technique for High-Performance Data Compression}, 
  year={1984},
  volume={17},
  number={6},
  pages={8-19},
  doi={10.1109/MC.1984.1659158}
}

@incollection{LZIndex,
    title = {Indexing text using the Ziv–Lempel trie},
    journal = {Journal of Discrete Algorithms},
    volume = {2},
    number = {1},
    pages = {87-114},
    year = {2004},
    doi = {10.1016/S1570-8667(03)00066-2},
    author = {Gonzalo Navarro}
}


@article{FMIndex,
    author = {Ferragina, Paolo and Manzini, Giovanni},
    title = {Indexing compressed text},
    year = {2005},
    volume = {52},
    number = {4},
    doi = {10.1145/1082036.1082039},
    journal = {Journal of the ACM},
    pages = {552–581}
}

@article{stringSearchingDef,
    author = {Baeza-Yates, Ricardo},
    year = {1989},
    pages = {34-58},
    title = {Algorithms for string searching},
    volume = {23},
    number = {3-4},
    journal = {ACM SIGIR Forum},
    doi = {10.1145/74697.74700}
}

@article{missMatch,
author = {Nicolae, Marius and Rajasekaran, Sanguthevar},
year = {2013},
title = {On String Matching with Mismatches},
volume = {8},
number = {2},
pages = {248-270},
journal = {Algorithms},
doi = {10.3390/a8020248}
}

@incollection{citation-key,
author = {Crochemore, Maxime and Lecroq, Thierry},
year = {2016},
title = {Multiple String Matching},
publisher = {Springer},
pages = {1378–1382},
booktitle = {Encyclopedia of Algorithms},
editor = {Kao, Ming-Yang}
}

@article{wildcardsMatch,
author = {Clifford, Peter and Clifford, Raphael},
year = {2007},
pages = {53-54},
title = {Simple deterministic wildcard matching},
volume = {101},
number = {2},
journal = {Information Processing Letters},
doi = {10.1016/j.ipl.2006.08.002}
}

@book{Gusfield1997AlgorithmsOS,
  title={Algorithms on Strings, Trees, and Sequences},
  author={Dan Gusfield},
  year={1997},
  publisher={Cambridge University Press}
}