% BOOKS

@book{crochemore1994text,
  title={Text Algorithms},
  author={Crochemore, Maxime and Rytter, Wojciech},
  year={1994},
  publisher={Oxford University Press}
}

@book{crochemore2002jewels,
  title={Jewels of Stringology},
  author={Crochemore, Maxime and Rytter, Wojciech},
  year={2002},
  publisher={World Scientific}
}

@book{crochemore2007algorithms,
  title={Algorithms on Strings},
  author={Crochemore, Maxime and Hancart, Christophe and Lecroq, Thierry},
  year={2007},
  publisher={Cambridge University Press}
}

@article{berstel2003combinatorics,
  title={Combinatorics on Words -- A Tutorial},
  author={Berstel, Jean and Karhum{\"a}ki, Juhani},
  journal={Bulletin of the EATCS},
  volume={79},
  pages={178--228},
  year={2003}
}

@book{lothaire2002algebraic,
  title={Algebraic Combinatorics on Words},
  author={Lothaire, Monsieur},
  _volume={90},
  year={2002},
  publisher={Cambridge University Press}
}

@book{lothaire2005applied,
  title={Applied Combinatorics on Words},
  author={Lothaire, Monsieur},
  _volume={105},
  year={2005},
  publisher={Cambridge University Press}
}

@book{stephen1994string,
  title={String Searching Algorithms},
  author={Stephen, Graham},
  year={1994},
  publisher={World Scientific}
}

@book{galil1997pattern,
  title={Pattern Matching Algorithms},
  author={Apostolico, Alberto and Galil, Zvi},
  year={1997},
  publisher={Oxford University Press}
}

@book{navarro2002flexible,
  title={Flexible pattern matching in strings: practical on-line search algorithms for texts and biological sequences},
  author={Navarro, Gonzalo and Raffinot, Mathieu},
  year={2002},
  publisher={Cambridge University Press}
}

@book{szpankowski2011average,
  title={Average Case Analysis of Algorithms on Sequences},
  author={Szpankowski, Wojciech},
  _volume={50},
  year={2011},
  publisher={John Wiley \& Sons}
}

@book{jacquet2015analytic,
  title={Analytic Pattern Matching: from DNA to Twitter},
  author={Jacquet, Philippe and Szpankowski, Wojciech},
  year={2015},
  publisher={Cambridge University Press}
}

@book{gusfield1997algorithms,
  title={Algorithms on Strings, Trees and Sequences},
  author={Gusfield, Dan},
  publisher={Cambridge University Press},
  year={1997}
}

@book{valiente2009combinatorial,
  title={Combinatorial pattern matching algorithms in computational biology using Perl and R},
  author={Valiente, Gabriel},
  year={2009},
  publisher={Chapman and Hall/CRC}
}

@book{vazirani2005algorytmy,
  title={Algorytmy aproksymacyjne},
  author={Vazirani, Vijay},
  year={2005},
  publisher={Wydawnictwa Naukowo-Techniczne}
}

% EXACT STRING MATCHING

% Constant-space exact string-matching
@article{crochemore1991two,
  title={Two-way string-matching},
  author={Crochemore, Maxime and Perrin, Dominique},
  journal={Journal of the ACM},
  volume={38},
  number={3},
  pages={650--674},
  year={1991}
}

% Improved Crochemore-Perrin
@article{breslauer1996saving,
  title={Saving comparisons in the Crochemore-Perrin string-matching algorithm},
  author={Breslauer, Dany},
  journal={Theoretical Computer Science},
  volume={158},
  number={1-2},
  pages={177--192},
  year={1996}
}

% Analiza algorytmu BHM
@article{raita1992tuning,
  title={Tuning the {Bo}yer-{M}oore-{H}orspool string searching algorithm},
  author={Raita, Timo},
  journal={Software: Practice and Experience},
  volume={22},
  number={10},
  pages={879--884},
  year={1992}
}

@article{smith1994tuning,
  title={On tuning the {Bo}yer-{M}oore-{H}orspool string searching algorithm},
  author={Smith, Peter},
  journal={Software: Practice and Experience},
  volume={24},
  number={4},
  pages={435--436},
  year={1994}
}

@article{smith1991experiments,
  title={Experiments with a very fast substring search algorithm},
  author={Smith, Peter},
  journal={Software: Practice and Experience},
  volume={21},
  number={10},
  pages={1065--1074},
  year={1991}
}

% MULTIPLE STRING MATCHING

@inproceedings{commentz1979string,
  title={A string matching algorithm fast on the average},
  author={Commentz-Walter, Beate},
  booktitle={International Colloquium on Automata, Languages, and Programming},
  pages={118--132},
  year={1979}
}

% SUFFIX TREES

% Drzewo Weinera
@article{breslauer2013near,
  title={Near real-time suffix tree construction via the fringe marked ancestor problem},
  author={Breslauer, Dany and Italiano, Giuseppe},
  journal={Journal of Discrete Algorithms},
  volume={18},
  pages={32--48},
  year={2013}
}

@article{giegerich1997ukkonen,
  title={From Ukkonen to McCreight and Weiner: A unifying view of linear-time suffix tree construction},
  author={Giegerich, Robert and Kurtz, Stefan},
  journal={Algorithmica},
  volume={19},
  number={3},
  pages={331--353},
  year={1997}
}

% Drzewo sufiksowe niezależne od alfabetu
@inproceedings{farach1997optimal,
  title={Optimal suffix tree construction with large alphabets},
  author={Farach, Martin},
  booktitle={Proceedings of the 38th Annual Symposium on Foundations of Computer Science},
  pages={137--143},
  year={1997}
}

% SUFFIX ARRAYS

@article{manber1993suffix,
  title={Suffix arrays: a new method for on-line string searches},
  author={Manber, Udi and Myers, Gene},
  journal={SIAM Journal on Computing},
  volume={22},
  number={5},
  pages={935--948},
  year={1993}
}

@article{gonnet1992new,
  title={New Indices for Text: Pat Trees and Pat Arrays.},
  author={Gonnet, Gaston and Baeza-Yates, Ricardo and Snider, Tim},
  journal={Information Retrieval: Data Structures \& Algorithms},
  volume={66},
  pages={82},
  year={1992}
}

@inproceedings{karp1972rapid,
  title={Rapid identification of repeated patterns in strings, trees and arrays},
  author={Karp, Richard and Miller, Raymond and Rosenberg, Arnold},
  booktitle={Proceedings of the 4th Annual ACM Symposium on Theory of Computing},
  pages={125--136},
  year={1972}
}

@inproceedings{karkkainen2003simple,
  title={Simple linear work suffix array construction},
  author={K{\"a}rkk{\"a}inen, Juha and Sanders, Peter},
  booktitle={International Colloquium on Automata, Languages, and Programming},
  pages={943--955},
  year={2003}
}

@inproceedings{li2018optimal,
  title={Optimal in-place suffix sorting},
  author={Li, Zhize and Li, Jian and Huo, Hongwei},
  booktitle={International Symposium on String Processing and Information Retrieval},
  pages={268--284},
  year={2018}
}

% LONGEST COMMON SUBSEQUENCE

% LCS, odległość edycyjna, podobieństwo
@article{sellers1974theory,
  title={On the theory and computation of evolutionary distances},
  author={Sellers, Peter},
  journal={SIAM Journal on Applied Mathematics},
  volume={26},
  number={4},
  pages={787--793},
  year={1974}
}

% Four-Russian for edit distance
@article{masek1980faster,
  title={A faster algorithm computing string edit distances},
  author={Masek, William and Paterson, Michael},
  journal={Journal of Computer and System Sciences},
  volume={20},
  number={1},
  pages={18--31},
  year={1980}
}

@inproceedings{backurs2015edit,
  title={Edit distance cannot be computed in strongly subquadratic time (unless SETH is false)},
  author={Backurs, Arturs and Indyk, Piotr},
  booktitle={Proceedings of the 47th Annual ACM Symposium on Theory of Computing},
  pages={51--58},
  year={2015}
}

@inproceedings{bringmann2015quadratic,
  title={Quadratic conditional lower bounds for string problems and dynamic time warping},
  author={Bringmann, Karl and K{\"u}nnemann, Marvin},
  booktitle={Proceedings of 56th Annual Symposium on Foundations of Computer Science},
  pages={79--97},
  year={2015}
}

@inproceedings{chang1990approximate,
  title={Approximate string matching in sublinear expected time},
  author={Chang, William and Lawler, Eugene},
  booktitle={Proceedings of 31st Annual Symposium on Foundations of Computer Science},
  pages={116--124},
  year={1990}
}

@article{hirschberg1975linear,
  title={A linear space algorithm for computing maximal common subsequences},
  author={Hirschberg, Daniel},
  journal={Communications of the ACM},
  volume={18},
  number={6},
  pages={341--343},
  year={1975}
}

% STRING MATCHING WITH ERRORS

% String matching with k errors in O(nk) time
@article{landau1989fast,
  title={Fast parallel and serial approximate string matching},
  author={Landau, Gad and Vishkin, Uzi},
  journal={Journal of Algorithms},
  volume={10},
  number={2},
  pages={157--169},
  year={1989}
}

% String matching with k errors in O(n/m k^4 + n) time
@article{cole2002approximate,
  title={Approximate string matching: A simpler faster algorithm},
  author={Cole, Richard and Hariharan, Ramesh},
  journal={SIAM Journal on Computing},
  volume={31},
  number={6},
  pages={1761--1782},
  year={2002},
  publisher={SIAM}
}

% STRING MATCHING WITH WILDCARDS

% String matching with wildcards FFT w czasie O(n \log{n})
@inproceedings{clifford2007self,
  title={Self-normalised distance with don’t cares},
  author={Clifford, Peter and Clifford, Rapha{\"e}l},
  booktitle={Annual Symposium on Combinatorial Pattern Matching},
  pages={63--70},
  year={2007}
}

% COMPRESSION

@article{ziv1977universal,
  title={A universal algorithm for sequential data compression},
  author={Ziv, Jacob and Lempel, Abraham},
  journal={IEEE Transactions on information theory},
  volume={23},
  number={3},
  pages={337--343},
  year={1977}
}

@article{wyner1994sliding,
  title={The sliding-window Lempel-Ziv algorithm is asymptotically optimal},
  author={Wyner, Aaron D and Ziv, Jacob},
  journal={Proceedings of the IEEE},
  volume={82},
  number={6},
  pages={872--877},
  year={1994}
}

@article{ziv1978compression,
  title={Compression of individual sequences via variable-rate coding},
  author={Ziv, Jacob and Lempel, Abraham},
  journal={IEEE Transactions on Information Theory},
  volume={24},
  number={5},
  pages={530--536},
  year={1978}
}

% SHORTEST COMMON SUPERSTRING

% NPH
@article{gallant1980finding,
  title={On finding minimal length superstrings},
  author={Gallant, John and Maier, David and Storer, James},
  journal={Journal of Computer and System Sciences},
  volume={20},
  number={1},
  pages={50--58},
  year={1980}
}

% MAX-SNP
@article{blum1994linear,
  title={Linear approximation of shortest superstrings},
  author={Blum, Avrim and Jiang, Tao and Li, Ming and Tromp, John and Yannakakis, Mihalis},
  journal={Journal of the ACM},
  volume={41},
  number={4},
  pages={630--647},
  year={1994}
}

% 2.67-APX for SCS
@inproceedings{armen19962,
  title={A 2 2/3-approximation algorithm for the shortest superstring problem},
  author={Armen, Chris and Stein, Clifford},
  booktitle={Annual Symposium on Combinatorial Pattern Matching},
  pages={87--101},
  year={1996},
  publisher={Springer}
}

% 2.5-APX for SCS
@article{kaplan2005approximation,
  title={Approximation algorithms for asymmetric TSP by decomposing directed regular multigraphs},
  author={Kaplan, Haim and Lewenstein, Moshe and Shafrir, Nira and Sviridenko, Maxim},
  journal={Journal of the ACM},
  volume={52},
  number={4},
  pages={602--626},
  year={2005}
}

% 2.5-APX for SCS
@article{sweedyk2000boldmath,
  title={2 1/2-Approximation Algorithm for Shortest Superstring},
  author={Sweedyk, Elizabeth},
  journal={SIAM Journal on Computing},
  volume={29},
  number={3},
  pages={954--986},
  year={2000},
  publisher={SIAM}
}

% 2 11/23-APX for SCS
@inproceedings{mucha2013lyndon,
  title={Lyndon words and short superstrings},
  author={Mucha, Marcin},
  booktitle={Proceedings of the 24th Annual ACM-SIAM Symposium on Discrete Algorithms},
  pages={958--972},
  year={2013}
}

% 2 11/30-APX for SCS
@article{paluch2014better,
  title={Better approximation algorithms for maximum asymmetric traveling salesman and shortest superstring},
  author={Paluch, Katarzyna},
  journal={arXiv preprint arXiv:1401.3670},
  year={2014}
}

% APX for r-SCS
@inproceedings{golovnev2013approximating,
  title={Approximating shortest superstring problem using de bruijn graphs},
  author={Golovnev, Alexander and Kulikov, Alexander and Mihajlin, Ivan},
  booktitle={Annual Symposium on Combinatorial Pattern Matching},
  pages={120--129},
  year={2013}
}

% APX for r-SCS
@article{braquelaire2018improving,
  title={On improving the approximation ratio of the r-shortest common superstring problem},
  author={Braquelaire, Tristan and Gasparoux, Marie and Raffinot, Mathieu and Uricaru, Raluca},
  journal={arXiv preprint arXiv:1805.00060},
  year={2018}
}

% Greedy is 3.5-APX
@article{kaplan2005greedy,
  title={The greedy algorithm for shortest superstrings},
  author={Kaplan, Haim and Shafrir, Nira},
  journal={Information Processing Letters},
  volume={93},
  number={1},
  pages={13--17},
  year={2005}
}

% Greedy 2-APX compression
@article{tarhio1988greedy,
  title={A greedy approximation algorithm for constructing shortest common superstrings},
  author={Tarhio, Jorma and Ukkonen, Esko},
  journal={Theoretical computer science},
  volume={57},
  number={1},
  pages={131--145},
  year={1988}
}

@inproceedings{vassilevska2005explicit,
  title={Explicit inapproximability bounds for the shortest superstring problem},
  author={Vassilevska, Virginia},
  booktitle={International Symposium on Mathematical Foundations of Computer Science},
  pages={793--800},
  year={2005}
}

@inproceedings{karpinski2013improved,
  title={Improved inapproximability results for the shortest superstring and related problems},
  author={Karpinski, Marek and Schmied, Richard},
  booktitle={Proceedings of the Nineteenth Computing: The Australasian Theory Symposium-Volume 141},
  pages={27--36},
  year={2013}
}
